@article{hartigan79,
  title={Algorithm AS 136: A k-means clustering algorithm},
  author={Hartigan, John A and Wong, Manchek A},
  journal={Applied statistics},
  pages={100--108},
  year={1979},
  publisher={JSTOR}
}

@misc{dagenais10,
  author = {Barthelemy Dagenais},
  title = {pymining},
  year = {2010},
  publisher = {GitHub},
  journal = {GitHub repository},
  howpublished = {\url{https://github.com/bartdag/pymining}},
  commit = {41cb6650d6866aee5d373989921ea33730fb8562}
}

@incollection{borgelt10,
  title={Simple algorithms for frequent item set mining},
  author={Borgelt, Christian},
  booktitle={Advances in machine learning II},
  pages={351--369},
  year={2010},
  publisher={Springer}
}

@inproceedings{borgelt05,
  title={Keeping things simple: Finding frequent item sets by recursive elimination},
  author={Borgelt, Christian},
  booktitle={Proceedings of the 1st international workshop on open source data mining: frequent pattern mining implementations},
  pages={66--70},
  year={2005},
  organization={ACM}
}
